@MISC{CCD,
	HOWPUBLISHED = "\url{https://clean-code-developer.com/}",
	AUTHOR = "Ralf Westphal and Stefan Lieser",
	TITLE = "Clean Code Developer",
	YEAR = "2015",
	NOTE = "Accessed on 2019-02-14"
}

@MISC{CCD:Grades,
	HOWPUBLISHED = "\url{https://clean-code-developer.com/grades/}",
	AUTHOR = "Ralf Westphal and Stefan Lieser",
	TITLE = "Grades",
	YEAR = "2015",
	NOTE = "Accessed on 2019-02-21"
}

@MISC{CodingDojo,
	HOWPUBLISHED = "\url{https://ccd-school.de/coding-dojo/}",
	AUTHOR = "Clean Code Developer School",
	TITLE = "Coding Dojo - Clean Code Developer School",
	YEAR = "2018",
	NOTE = "Accessed on 2019-02-14"
}

@MISC{LinkedIn,
	HOWPUBLISHED = "\url{https://www.linkedin.com/pulse/data-science-test-driven-development-sam-savage/}",
	AUTHOR = "Sam Savage",
	TITLE = "Data Science and Test Driven Development",
	YEAR = "2015",
	MONTH = "August",
	NOTE = "Accessed on 2019-02-21"
}
